<?xml version="1.0" encoding="UTF-8"?><collection xmlns="http://www.loc.gov/MARC21/slim"><record><leader>00372nam--2200133-i-4500</leader><controlfield tag="001">000008465</controlfield><controlfield tag="002">20161230</controlfield><controlfield tag="005">20161230201027</controlfield><controlfield tag="008">060222s1000------------r-----000-0-eng-d</controlfield><datafield ind1=" " ind2=" " tag="080"><subfield code="a">801.323.2=20=590</subfield></datafield><datafield ind1=" " ind2=" " tag="100"><subfield code="a">Bjantas, Andrei</subfield></datafield><datafield ind1=" " ind2=" " tag="245"><subfield code="a">Dictionar englez-rolman. editia a ii-a revazu ta si adaugita</subfield></datafield><datafield ind1=" " ind2=" " tag="260"><subfield code="a">Bucuresti, Editura Stiintifica, 1968. 374 P</subfield></datafield><datafield ind1=" " ind2=" " tag="852"><subfield code="a">D439</subfield></datafield></record></collection>